@article{tne,
    Author = {Yanai Elazar and Victoria Basmov and Yoav Goldberg and Reut Tsarfaty},
    Title = {Text-based NP Enrichment},
    Year = {2021},
}

@article{joshi2019spanbert,
    title={{SpanBERT}: Improving Pre-training by Representing and Predicting Spans},
    author={Mandar Joshi and Danqi Chen and Yinhan Liu and Daniel S. Weld and Luke Zettlemoyer and Omer Levy},
    year={2019}
}

@article{he2021debertav3,
    title={DeBERTa: Decoding-enhanced BERT with Disentangled Attention}, 
    author={Pengcheng He, Xiaodong Liu, Jianfeng Gao, Weizhu Chen},
    year={2020}
}

@article{gnn,
  title={The graph neural network model},
  author={Franco Scarselli, Marco Gori, Ah Chung Tsoi, Markus Hagenbuchne, Gabriele Monfardini},
  year={2009}
}

@article{gnnfonlp,
  title={Graph Neural Networks for Natural Language Processing: A Survey},
  author={Lingfei Wu, Yu Chen, Kai Shen, Xiaojie Guo, Hanning Gao, Shucheng Li},
  year={2021}
}

@article {gnnrelationextraction,
    title={Graph Neural Networks with Generated Parameters for Relation Extraction},
    authoer={Hao Zhu1, Yankai Lin1, Zhiyuan Liu1, Jie Fu, Tat-seng Chua, Maosong Sun},
    year={2020}
}

@article {corefsummarizartion,
    title={Coreference-Aware Dialogue Summarization},
    author={Zhengyuan Liu, Ke Shi, Nancy F. Chen},
    year={2021}
}

@article {dynamicgraph,
    title={Iterative Deep Graph Learning for Graph Neural Networks},
    author={Yu Chen, Lingfei Wu, Mohammed J. Zaki},
    year={2020}
}

@article{devlin2018bert,
  title={BERT: Pre-training of Deep Bidirectional Transformers},
  author={Devlin, Jacob and Chang, Ming-Wei and Lee, Kenton and Toutanova, Kristina},
  year={2018}
}

@article{entitymentions,
    title={Explicitly Capturing Relations between Entity Mentions via Graph
Neural Networks},
    author={Pei Chen, Haibo Ding, Jun Araki, Ruihong Huang},
    year={2021}
}

@article {dynamicgraphframeowrk,
    title={A General Framework for Information Extraction using Dynamic Span Graphs},
    author={Yi Luan, Dave Wadden, Luheng He, Amy Shah, Mari Ostendorf, Hannaneh Hajishirzi},
    year={2019}
}
